<?xml version="1.0" encoding="UTF-8"?><collection xmlns="http://www.loc.gov/MARC21/slim"><record><leader>00377nam--2200145-i-4500</leader><controlfield tag="001">000003676</controlfield><controlfield tag="002">20161230</controlfield><controlfield tag="005">20170206235633</controlfield><controlfield tag="008">060222s1000------------r-----000-0-eng-d</controlfield><datafield ind1=" " ind2=" " tag="100"><subfield code="a">Braniski, A</subfield></datafield><datafield ind1=" " ind2=" " tag="245"><subfield code="a">Barium -und strontium-zemente ..</subfield></datafield><datafield ind1=" " ind2=" " tag="260"><subfield code="a">Wiesbaden</subfield><subfield code="b">Bauverlag</subfield><subfield code="c">1957</subfield></datafield><datafield ind1=" " ind2=" " tag="300"><subfield code="a">10 p</subfield></datafield><datafield ind1=" " ind2=" " tag="490"><subfield code="a">Sonderdruck Aus Zement-kalk-gips</subfield></datafield><datafield ind1=" " ind2=" " tag="CAT"><subfield code="a">SYS</subfield><subfield code="c">20170206</subfield><subfield code="h">235633</subfield></datafield></record></collection>